@book{Brambilla:2012:MSE:2432361,
author={Brambilla, Marco and Cabot, Jordi and Wimmer, Manuel},
title={Model-Driven Software Engineering in Practice},
year={2012},
isbn={1608458822, 9781608458820},
edition={1st},
publisher={Morgan \& Claypool Publishers}
} 

@inproceedings{Palanque:2004:SIU:985921.986165,
 author = {Palanque, Philippe and Koornneef, Floor and Johnson, Chris and Szwillus, Gerd and Wright, Peter},
 title = {Safety-critical Interaction: Usability in Incidents and Accidents},
 booktitle = {CHI '04 Extended Abstracts on Human Factors in Computing Systems},
 series = {CHI EA '04},
 year = {2004},
 isbn = {1-58113-703-6},
 location = {Vienna, Austria},
 pages = {1600--1601},
 numpages = {2},
 url = {http://doi.acm.org/10.1145/985921.986165},
 doi = {10.1145/985921.986165},
 acmid = {986165},
 publisher = {ACM},
 address = {New York, NY, USA},
 keywords = {human error, reliability, safety critical systems, usability}
} 

@inproceedings{Qureshi:2007:RAM:1387040.1387046,
 author = {Qureshi, Zahid H.},
 title = {A Review of Accident Modelling Approaches for Complex Socio-technical Systems},
 booktitle = {Proceedings of the Twelfth Australian Workshop on Safety Critical Systems and Software and Safety-related Programmable Systems - Volume 86},
 series = {SCS '07},
 year = {2007},
 isbn = {978-1-920682-67-5},
 location = {Adelaide, Australia},
 pages = {47--59},
 numpages = {13},
 url = {http://dl.acm.org/citation.cfm?id=1387040.1387046},
 acmid = {1387046},
 publisher = {Australian Computer Society, Inc.},
 address = {Darlinghurst, Australia, Australia},
 keywords = {accident analyses, organisational theory, safety-critical, sociological analysis, sociotechnical systems, systemic accident models, systems theory}
} 

@article{alexander,
author ={Robert Alexander and Ruth Alexander-Bown and Tim Kelly},
title = {Engineering Safety-Critical Complex Systems},
url ={https://www-users.cs.york.ac.uk/~rda/cosmos_2008_paper.pdf}
}

@article{Lisagor,
author ={Oleg Lisagor and Tim Kelly and Ry Niu},
title = {Model-Based Safety Assessment Review of the Discipline and its Challenges},
url ={https://www-users.cs.york.ac.uk/~rda/cosmos_2008_paper.pdf}
}

@article{Bozzano,
author ={Bozzano, M. and A. Villafiorita},
title = {Improving System Reliability via
Model Checking: The FSAP/NuSMV-SA Safety Analysis Platform},
publisher ={SAFECOMP},
year ={2003}

}





@inproceedings{Polack08complexsystems,
author = {Fiona A. C. Polack and Tim Hoverd and Adam T. Sampson and Susan Stepney and Jon Timmis},
title = {Complex systems models: engineering simulations},
booktitle = {Eleventh International Conference on the Simulation and Synthesis of Living Systems},
year = {2008},
pages = {482--489},
publisher = {MIT Press}
}








