@book{Brambilla:2012:MSE:2432361,
author={Brambilla, Marco and Cabot, Jordi and Wimmer, Manuel},
title={Model-Driven Software Engineering in Practice},
year={2012},
isbn={1608458822, 9781608458820},
edition={1st},
publisher={Morgan \& Claypool Publishers}
} 


@inproceedings{Polack08complexsystems,
author = {Fiona A. C. Polack and Tim Hoverd and Adam T. Sampson and Susan Stepney and Jon Timmis},
title = {Complex systems models: engineering simulations},
booktitle = {Eleventh International Conference on the Simulation and Synthesis of Living Systems},
year = {2008},
pages = {482--489},
publisher = {MIT Press}
}

@article{Schmidt:2006:GEI:1115688.1115706,
author = {Schmidt, Douglas C.},
title = {Guest Editor's Introduction: Model-Driven Engineering},
journal = {Computer},
issue_date = {February 2006},
volume = {39},
number = {2},
month = feb,
year = {2006},
issn = {0018-9162},
pages = {25--31},
numpages = {7},
url = {http://dx.doi.org/10.1109/MC.2006.58},
doi = {10.1109/MC.2006.58},
acmid = {1115706},
publisher = {IEEE Computer Society Press},
address = {Los Alamitos, CA, USA},
keywords = {Enterprise DRE systems, MDE tools, Model-driven engineering, Model-driven engineering, Programming languages, MDE tools, Software development, Enterprise DRE systems, System design, Programming languages, Software development, System design}
} 

@article{Luke:2005:MMS:1086873.1086877,
author = {Luke, Sean},
title = {Multiagent Simulation And the {MASON} Library},
year = {2011},
publisher = {Departmebt of Computer Science, George Mason University}
} 

@article{Donald2003,
title={{UML} basic: An Introduction to the Unified Modeling Language},
author={Donald, Bell},
publisher={Rational Software},
url = {http://www.therationaledge.com/content/jun{_}03/f{-}umlintro{_}db.jsp},
year={2003}
}

@techreport{cosmos:tech-report,
author = {Andrews, Paul S. and Polack, Fiona A. C. and Sampson, Adam T. and Stepney, Susan and Timmis, Jon},
citeulike-article-id = {10527063},
institution = {Department of Computer Science, University of York},
keywords = {cosmos, modelling},
month = mar,
number = {YCS-2010-453},
posted-at = {2012-04-04 10:21:41},
priority = {2},
title = {The {CoSMoS} Process, Version 0.1: A Process for the Modelling and Simulation of Complex Systems},
year = {2010}
}

@article{Software,
author={York Computation Immunology Lab},
title={Software Engineering},
url={https://www.york.ac.uk/computational-immunology/research/soft-eng/},
institution={Department of Computer Science},
publisher={University of York}
}

@article{OMG2015,
author={OMG},
title={{OMG} Unified Modeling Language Version 2.5},
url={http://www.omg.org/spec/UML/2.5/},
year={2015}
}

@article{EMF,
author={EMFCompare},
title={{EMF Compare-UserGuide Version 3.1.0.201506080946}},
url={https://www.eclipse.org/emf/compare/overview.html},
publisher={eclipse}
}

@PhdThesis{Read2011,
title={Statistical and Modelling Techniques to Build Confidence in the Investigation of Immunology through Agent-Based Simulation},
author={Mark, Read},
year={2011},
school={Department of Computer Science},
address={York},
publisher={University of York}
}

@article{Martin2014,
author={Martin, Fowler},
title={UML Sequence Diagram},
institution={Department of Computer Science},
publisher={Inform IT},
url={http://www.informit.com/articles/article.aspx{?}p{=}169507{&}seqNum{=}3},
Year={2014}
}

@PhdThesis{Moyo2014,
title={Investigating The Dynamics of Hepatic Inflammation Through Simulation},
author={Moyo, Daniel},
year={2014},
school={Department of Computer Science},
address={York},
publisher={University of York}
}

@PhdThesis{Richard2014,
title={An agent-based model of the {IL-1} stimulated nuclear factor-kappa B signaling pathway},
author={Richard, Williams},
year={2014},
school={Department of Computer Science},
address={York},
publisher={University of York}
}


@inproceedings{CoSMoS-2009-10-Y8,
author = {Fiona A. C. Polack and Paul S. Andrews and Teodor Ghetiu and Mark Read and Susan Stepney and Jon Timmis and Adam T. Sampson},
title = {Reflections on the Simulation of Complex Systems for Science},
booktitle = {ICECCS 2010: Fifteenth IEEE International Conference on Engineering of Complex Computer Systems},
editors = {Radu Calinescu and Richard Paige and Marta Kwiatkowska},
isbn = {978-0-7695-4015-3},
publisher = {IEEE Press},
pages = {276--285},
month = {March},
year = {2010},
url = {http://www.cosmos-research.org/docs/iceccs2010-reflections.pdf},
cosmosslides = {http://www.cosmos-research.org/docs/iceccs2010-reflections-slides.pdf}
}

@incollection{so61800,
author = {Rik {Eshuis} and Roel {Wieringa}},
series = {Lecture Notes in Computer Science},
booktitle = {Petri Net Technology for Communication-Based Systems: Advances in {Petri Nets}},
editor = {H. {Ehrigh} and W. {Reisig} and G. {Rozenberg} and H. {Weber}},
 address = {Berlin/Heidelberg, Germany},
title = {{Comparing {Petri Net} and Activity Diagram Variants for Workflow Modelling: A Quest for Reactive Petri Nets}},
publisher = {Springer},
pages={321--351},
volume = {2472},
url = {http://doc.utwente.nl/61800/},  
year = {2003}
}

@inproceedings{Garnett_usingthe,
author = {Philip Garnett and Susan Stepney and Francesca Day and Ottoline Leyser},
title = {Using the CoSMoS process to enhance an executable model of auxin transport canalisation},
booktitle = {In Stepney et al},
year = {},
pages = {9--32}
}



